@online{agda,
  author       = {{The Agda Team}},
  sortname     = {Agda Team, The},
  title        = {The Agda Wiki},
  date         = {2014},
  url          = {http://wiki.portal.chalmers.se/agda/},
}

@book{awodey-2010,
  author       = {Steve Awodey},
  title        = {Category Theory},
  date         = {2010},
  edition      = {2},
  volume       = {52},
  series       = {Oxford Logic Guides},
  publisher    = {Oxford University Press},
}

@book{bird-demoor-1997,
  author       = {Richard Bird and Oege {de Moor}},
  title        = {Algebra of Programming},
  date         = {1997},
  volume       = {100},
  series       = {Prentice Hall International Series in Computer Science},
  publisher    = {Prentice Hall},
}

@article{elkins-2009,
  author       = {Derek Elkins},
  title        = {Calculating Monads with Category Theory},
  journaltitle = {The Monad.Reader},
  date         = {2009},
  number       = {13},
  pages        = {73--91},
}

@book{lipovaca-2011,
  author       = {Miran Lipovača},
  title        = {Learn You a {H}askell for Great Good!},
  subtitle     = {A Beginner's Guide},
  date         = {2011},
  publisher    = {No Starch Press},
  url          = {http://learnyouahaskell.com},
}

@proceedings{lncs-201,
  editor       = {Jean-Pierre Jouannaud},
  date         = {1985},
  eventtitle   = {Functional Programming Languages and Computer Architecture},
  eventdate    = {1985},
  series       = {LNCS},
  number       = {201},
  publisher    = {Springer},
}

@book{maclane-1998,
  author       = {Mac Lane, Saunders},
  title        = {Categories for the Working Mathematician},
  date         = {1998},
  edition      = {2},
  volume       = {5},
  series       = {Graduate Texts in Mathematics},
  publisher    = {Springer},
}

@incollection{marquis-2013,
  author       = {Jean-Pierre Marquis},
  title        = {Category Theory},
  date         = {2013},
  booktitle    = {Stanford Encyclopedia of Philosophy},
  editor       = {Edward N. Zalta},
  edition      = {Summer 2013 Edition},
  url          = {http://plato.stanford.edu/entries/category-theory},
  publisher    = {Metaphysics Research Lab},
}

@inproceedings{milner-1984,
  author       = {Robin Milner},
  title        = {A Proposal for Standard {ML}},
  date         = {1984},
  eventtitle   = {LISP and Functional Programming},
  eventdate    = {1984},
  publisher    = {ACM},
  pages        = {184--197},
}

@phdthesis{norell-2007,
  author       = {Ulf Norell},
  title        = {Towards a Practical Programming Language Based on Dependent Type Theory},
  institution  = {Chalmers University of Technology and University of Gothenburg},
  date         = {2007},
}

@book{peytonjones-2003,
  editor       = {Peyton Jones, Simon},
  title        = {Haskell 98 Language and Libraries},
  subtitle     = {The Revised Report},
  date         = {2003},
  publisher    = {Cambridge University Press},
}

@incollection{poigne-1992,
  author       = {Axel Poigné},
  title        = {Basic Category Theory},
  date         = {1992},
  booktitle    = {Handbook of Logic in Computer Science},
  editor       = {S. Abramsky and Dov M. Gabbay and T. S. E. Maibaum},
  volume       = {1 (Background: Mathematical Structures)},
  publisher    = {Clarendon Press},
  pages        = {413--640},
}

@inproceedings{turner-1985,
  crossref     = {lncs-201},
  author       = {D. A. Turner},
  title        = {Miranda: A Non-strict Functional Language with Polymorphic Types},
  pages        = {1--16},
}

@thesis{villaisaza-2014,
  author       = {Villa Isaza, Juan Pedro},
  title        = {Category Theory Applied to Functional Programming},
  institution  = {EAFIT University},
  date         = {2014},
  type         = {Undergraduate project},
}

@article{yorgey-2009,
  author       = {Brent Yorgey},
  title        = {The Typeclassopedia},
  journaltitle = {The Monad.Reader},
  date         = {2009},
  number       = {13},
  pages        = {17--68},
  url          = {http://www.haskell.org/haskellwiki/Typeclassopedia},
}
